@inproceedings{Katsanyi:2003,
  language={english},
  author={I. Katsanyi},
  title="Solutions of some Classical Problems in Various Theoretical {DNA} Computing
    Models",
  year={2003},
  booktitle={Proceedings of MolCoNet2, the Second Annual Meeting of Molecular Computing
    Network},
  month={November 27-29},
  organization={Vienna University of Technology}
}

@inproceedings{Amos:1996,
  author={Martyn Amos and Alan Gibbons and David Hodgson},
  title="Error-resistant Implementation of {DNA} Computations",
  booktitle={Proceedings of the Second Annual Meeting on DNA Based Computers},
  year={1996},
  month={June 10-12},
  url={citeseer.ist.psu.edu/26034.html}
}

@inproceedings{Amos:1997,
  author="Martyn Amos and Alan Gibbons and Paul E. Dunne",
  title="The Complexity and Viability of {DNA} Computations",
  booktitle="Biocomputing and Emergent Computation",
  publisher="World Scientific",
  editor="Dan Lundh and Bjorn Olsson and Ajit Narayanan",
  pages="165--173",
  year="1997"}
}

@article{Dantsin:2003,
  author={Evgeny Dantsin and Alexander Wolpert},
  title="A Robust {DNA} Computation Model That Captures Pspace",
  year={2003},
  journal={International Journal of Foundations of Computer Science},
  volume={14(5)},
  month={October},
  pages={933--951},
  url={citeseer.ist.psu.edu/671121.html}
}

