@inproceedings{Katsanyi:2003,
  language={english},
  author={Istvan Katsanyi},
  title="Solutions of some Classical Problems in Various Theoretical {DNA} Computing
    Models",
  year={2003},
  booktitle={Proceedings of MolCoNet2, the Second Annual Meeting of Molecular Computing
    Network},
  month={November 27-29},
  organization={Vienna University of Technology}
}

@inproceedings{Amos:1996,
  author={Martyn Amos and Alan Gibbons and David Hodgson},
  title="Error-resistant Implementation of {DNA} Computations",
  booktitle="Proceedings of the Second Annual Meeting on {DNA} Based Computers",
  year={1996},
  month={June 10-12},
  url={citeseer.ist.psu.edu/26034.html}
}

@inproceedings{Amos:1997,
  author="Martyn Amos and Alan Gibbons and Paul E. Dunne",
  title="The Complexity and Viability of {DNA} Computations",
  booktitle="Biocomputing and Emergent Computation",
  publisher="World Scientific",
  editor="Dan Lundh and Bjorn Olsson and Ajit Narayanan",
  pages="165--173",
  year="1997"}
}

@article{Adleman:1996,
    author = "Leonard M. Adleman",
    title = "On Constructing a Molecular Computer",
    journal = "R. Lipton and E. Baum (Eds.), {DNA} Based Computers, DIMACS: Series in Discrete Mathematics and Theoretical Computer Science",
    publisher="American Mathematical Society",
    year="1996",
    pages={1-21}
    url = "citeseer.ist.psu.edu/adleman95constructing.html" }

@article{Dantsin:2003,
  author={Evgeny Dantsin and Alexander Wolpert},
  title="A Robust {DNA} Computation Model That Captures {PSPACE}",
  year={2003},
  journal={International Journal of Foundations of Computer Science},
  volume={14},
  number={5},
  month={October},
  pages={933--951},
  url={citeseer.ist.psu.edu/671121.html}
}

@article{Amos:2002,
 author = {Martyn Amos and Gheorghe Paun and Grzegorz Rozenberg and Arto Salomaa},
 title = {Topics in the theory of {DNA} computing},
 journal = {Theoretical Computer Science},
 volume = {287},
 number = {1},
 year = {2002},
 issn = {0304-3975},
 pages = {3--38},
 doi = {http://dx.doi.org/10.1016/S0304-3975(02)00134-2},
 publisher = {Elsevier Science Publishers Ltd.},
 address = {Essex, UK},
 }
 
@book{Paun:2002,
	author = {Gheorghe Paun},
	title = {Membrane Computing},
	year = {2002},
	publisher = {Springer}
}

@article{Rozenberg:knapsack,
	author = {Christiaan V. Henkel and Thomas Back and Joost N. Kok and Grzegorz Rozenberg and Herman P. Spaink},
	title = {{DNA} computing of solutions to knapsack problems},
	year  = {2006},
	journal = {Biosystems},
	volume = {88},
	number={1-2},
	pages = {156--162}
}

@article{Lipton:1994,
    author = "Richard J. Lipton",
    title = "Speeding Up Computations via Molecular Biology",
    journal = "Technical report",
    publisher = {Princeton Univercity},
    year = "1994",
    url = "citeseer.ist.psu.edu/lipton94speeding.html" 
}
    
@article{Adleman:1994,
 author = {Leonard M. Adleman},
 title = {Molecular computation of solutions to combinatorial problems},
 journal = {Science},
 volume = {266},
 number = {11},
 year = {1994},
 issn = {0036-8075},
 pages = {1021--1024},
 publisher = {American Association for the Advancement of Science},
 address = {Washington, DC, USA},
}
 
@inproceedings{ Liu:1996,
    author = "Quinghua Liu and Zhen Guo and Anne E. Condon and Robert M. Corn and Max G. Lagally and Lloyd M. Smith",
    title = "A Surface-Based Approach to {DNA} Computation",
    booktitle = "Proceedings of the Second Annual Meeting on {DNA} Based Computers, held at Princeton University, June 10-12",
    year = "1996",
    url = "citeseer.ist.psu.edu/liu96surfacebased.html" 
}
    
    
@article{Rozenberg:2003,
 author = {Grzegorz Rozenberg and Herman P. Spaink},
 title = "{DNA} computing by blocking",
 journal = {Theoretical Computer Science},
 volume = {292},
 number = {3},
 year = {2003},
 issn = {0304-3975},
 pages = {653--665},
 doi = {http://dx.doi.org/10.1016/S0304-3975(01)00194-3},
 publisher = {Elsevier Science Publishers Ltd.},
 address = {Essex, UK},
}
 
@book{Amos:2003:Book,
 author = {Martyn Amos},
 title = {Theoretical and Experimental DNA Computation (Natural Computing Series)},
 year = {2003},
 isbn = {3540657738},
 publisher = {Springer-Verlag New York, Inc.},
 address = {Secaucus, NJ, USA},
}
 
@Book{PaunRozenbergSalomaa:1998,
	author = {Gheorghe Paun and Grzegorz Rozenberg and Arto Salomaa},
	title = {DNA Computing: New Computing Paradigms},
	year = {1998},
	publisher = {Springer}
}

@Article{Hartmanis:1995,
	author = {Juris Hartmanis},
	title = {On the weight of computations},
	year  ={1995},
	journal = {Bulletin of European Association For Theoretical Computer Science},
	volume = {55},
	pages={136--138}
}

@Article{Liu:2005,
	author = {Wenbin Liu and Lin Gao and Qiang Zhang and Guandong Xu and Xiangou Zhu and Xiangrong Liu and Jin Xu},
	title = "A Random Walk {DNA} Algorithm for the 3-{SAT} Problem",
	year  ={2005},
	journal = {Current Nanoscience},
	publisher={Bentham Science Publishers},
	pages = {85--90},
	volume = {1}
	
}